@article{mersha2015self,
	title={Self-reported race/ethnicity in the age of genomic research: its potential impact on understanding health disparities},
	author={Mersha, Tesfaye B and Abebe, Tilahun},
	journal={Human genomics},
	volume={9},
	number={1},
	pages={1},
	year={2015},
	publisher={Springer}
}

@article{mcvean2009genealogical,
	title={A genealogical interpretation of principal components analysis},
	author={McVean, Gil},
	journal={PLoS Genet},
	volume={5},
	number={10},
	pages={e1000686},
	year={2009},
	publisher={Public Library of Science}
}

@article{padhukasahasram2014inferring,
	title={Inferring ancestry from population genomic data and its applications},
	author={Padhukasahasram, Badri},
	journal={Frontiers in genetics},
	volume={5},
	pages={204},
	year={2014},
	publisher={Frontiers}
}

@article{novembre2008genes,
	title={Genes mirror geography within {Europe}},
	author={Novembre, John and Johnson, Toby and Bryc, Katarzyna and Kutalik, Zolt{\'a}n and Boyko, Adam R and Auton, Adam and Indap, Amit and King, Karen S and Bergmann, Sven and Nelson, Matthew R and others},
	journal={Nature},
	volume={456},
	number={7218},
	pages={98--101},
	year={2008},
	publisher={Nature Publishing Group}
}

@article{abraham2017flashpca2,
	title={{FlashPCA2}: principal component analysis of Biobank-scale genotype datasets},
	author={Abraham, Gad and Qiu, Yixuan and Inouye, Michael},
	journal={Bioinformatics},
	year={2017}
}

@article{price2006principal,
	title={Principal components analysis corrects for stratification in genome-wide association studies},
	author={Price, Alkes L and Patterson, Nick J and Plenge, Robert M and Weinblatt, Michael E and Shadick, Nancy A and Reich, David},
	journal={Nature genetics},
	volume={38},
	number={8},
	pages={904--909},
	year={2006},
	publisher={Nature Publishing Group}
}

@article{peterson2017utility,
	title={The utility of empirically assigning ancestry groups in cross-population genetic studies of addiction},
	author={Peterson, Roseann E and Edwards, Alexis C and Bacanu, Silviu-Alin and Dick, Danielle M and Kendler, Kenneth S and Webb, Bradley T},
	journal={The American journal on addictions},
	volume={26},
	number={5},
	pages={494--501},
	year={2017},
	publisher={Wiley Online Library}
}

@article{lu2013principal,
	title={Principal component analysis reveals the {1000 Genomes Project} does not sufficiently cover the human genetic diversity in {Asia}},
	author={Lu, Dongsheng and Xu, Shuhua},
	journal={Frontiers in genetics},
	volume={4},
	pages={127},
	year={2013},
	publisher={Frontiers}
}

@article{10002015global,
	title={A global reference for human genetic variation},
	author={{1000 Genomes Project Consortium} and others},
	journal={Nature},
	volume={526},
	number={7571},
	pages={68},
	year={2015},
	publisher={Nature Publishing Group}
}

@article{zhang2020fast,
	title={Fast and robust ancestry prediction using principal component analysis},
	author={Zhang, Daiwei and Dey, Rounak and Lee, Seunggeun},
	journal={Bioinformatics},
	volume={36},
	number={11},
	pages={3439--3446},
	year={2020},
	publisher={Oxford University Press}
}

@article{weir1984estimating,
	title={Estimating {F}-statistics for the analysis of population structure},
	author={Weir, Bruce S and Cockerham, C Clark},
	journal={Evolution},
	pages={1358--1370},
	year={1984},
	publisher={JSTOR}
}

@article{wright1965interpretation,
	title={The interpretation of population structure by {F}-statistics with special regard to systems of mating},
	author={Wright, Sewall},
	journal={Evolution},
	pages={395--420},
	year={1965},
	publisher={JSTOR}
}

@article{shi2016winner,
	title={Winner's curse correction and variable Thresholding improve performance of polygenic risk modeling based on genome-wide association study summary-level data},
	author={Shi, Jianxin and Park, Ju-Hyun and Duan, Jubao and Berndt, Sonja T and Moy, Winton and Yu, Kai and Song, Lei and Wheeler, William and Hua, Xing and Silverman, Debra and others},
	journal={PLoS genetics},
	volume={12},
	number={12},
	pages={e1006493},
	year={2016},
	publisher={Public Library of Science San Francisco, CA USA}
}

@article{zhong2008bias,
	title={Bias-reduced estimators and confidence intervals for odds ratios in genome-wide association studies},
	author={Zhong, Hua and Prentice, Ross L},
	journal={Biostatistics},
	volume={9},
	number={4},
	pages={621--634},
	year={2008},
	publisher={Oxford University Press}
}

@article{de2013whole,
	title={Whole-genome regression and prediction methods applied to plant and animal breeding},
	author={de los Campos, Gustavo and Hickey, John M and Pong-Wong, Ricardo and Daetwyler, Hans D and Calus, Mario PL},
	journal={Genetics},
	volume={193},
	number={2},
	pages={327--345},
	year={2013},
	publisher={Genetics Soc America}
}

@article{lambert2020polygenic,
	title={The Polygenic Score Catalog: an open database for reproducibility and systematic evaluation},
	author={Lambert, Samuel A and Gil, Laurent and Jupp, Simon and Ritchie, Scott C and Xu, Yu and Buniello, Annalisa and Abraham, Gad and Chapman, Michael and Parkinson, Helen and Danesh, John and others},
	journal={medRxiv},
	year={2020},
	publisher={Cold Spring Harbor Laboratory Press}
}

@article{fritsche2020cancer,
	title={Cancer PRSweb: An Online Repository with Polygenic Risk Scores for Major Cancer Traits and Their Evaluation in Two Independent Biobanks},
	author={Fritsche, Lars G and Patil, Snehal and Beesley, Lauren J and VandeHaar, Peter and Salvatore, Maxwell and Ma, Ying and Peng, Robert B and Taliun, Daniel and Zhou, Xiang and Mukherjee, Bhramar},
	journal={The American Journal of Human Genetics},
	volume={107},
	number={5},
	pages={815--836},
	year={2020},
	publisher={Elsevier}
}

@article{albinana2020leveraging,
	title={Leveraging both individual-level genetic data and GWAS summary statistics increases polygenic prediction},
	author={Albi{\~n}ana, Clara and Grove, Jakob and McGrath, John J and Agerbo, Esben and Wray, Naomi R and Werge, Thomas and B{\o}rglum, Anders D and Mortensen, Preben Bo and Priv{\'e}, Florian and Vilhj{\'a}lmsson, Bjarni J},
	journal={bioRxiv},
	year={2020},
	publisher={Cold Spring Harbor Laboratory}
}

@article{zhang2020improved,
	title={Improved genetic prediction of complex traits from individual-level data or summary statistics},
	author={Zhang, Qianqian and Priv{\'e}, Florian and Vilhjalmsson, Bjarni J and Speed, Doug},
	journal={bioRxiv},
	year={2020},
	publisher={Cold Spring Harbor Laboratory}
}

@article{daetwyler2008accuracy,
	title={Accuracy of predicting the genetic risk of disease using a genome-wide approach},
	author={Daetwyler, Hans D and Villanueva, Beatriz and Woolliams, John A},
	journal={PloS one},
	volume={3},
	number={10},
	pages={e3395},
	year={2008},
	publisher={Public Library of Science}
}

@article{qian2020fast,
	author = {Qian, Junyang AND Tanigawa, Yosuke AND Du, Wenfei AND Aguirre, Matthew AND Chang, Chris AND Tibshirani, Robert AND Rivas, Manuel A. AND Hastie, Trevor},
	journal = {PLOS Genetics},
	publisher = {Public Library of Science},
	title = {A fast and scalable framework for large-scale and ultrahigh-dimensional sparse regression with application to the {UK Biobank}},
	year = {2020},
	month = {10},
	volume = {16},
	url = {https://doi.org/10.1371/journal.pgen.1009141},
	pages = {1-31},
	number = {10},
	doi = {10.1371/journal.pgen.1009141}
}

@article{kim2018genetic,
	title={Genetic disease risks can be misestimated across global populations},
	author={Kim, Michelle S and Patel, Kane P and Teng, Andrew K and Berens, Ali J and Lachance, Joseph},
	journal={Genome biology},
	volume={19},
	number={1},
	pages={1--14},
	year={2018},
	publisher={BioMed Central}
}

@article{bitarello2020polygenic,
	title={Polygenic scores for height in admixed populations},
	author={Bitarello, Barbara Domingues and Mathieson, Iain},
	journal={bioRxiv},
	year={2020},
	publisher={Cold Spring Harbor Laboratory}
}

@article{cavazos2020inclusion,
	title={Inclusion of Variants Discovered from Diverse Populations Improves Polygenic Risk Score Transferability},
	author={Cavazos, Taylor B and Witte, John S},
	journal={bioRxiv},
	year={2020},
	publisher={Cold Spring Harbor Laboratory}
}

@article{shi2020localizing,
	title={Localizing components of shared transethnic genetic architecture of complex traits from {GWAS} summary data},
	author={Shi, Huwenbo and Burch, Kathryn S and Johnson, Ruth and Freund, Malika K and Kichaev, Gleb and Mancuso, Nicholas and Manuel, Astrid M and Dong, Natalie and Pasaniuc, Bogdan},
	journal={The American Journal of Human Genetics},
	year={2020},
	publisher={Elsevier}
}

@article{wang2020theoretical,
	title={Theoretical and empirical quantification of the accuracy of polygenic scores in ancestry divergent populations},
	author={Wang, Ying and Guo, Jing and Ni, Guiyan and Yang, Jian and Visscher, Peter M and Yengo, Loic},
	journal={bioRxiv},
	year={2020},
	publisher={Cold Spring Harbor Laboratory}
}

@article{martin2019clinical,
	title={Clinical use of current polygenic risk scores may exacerbate health disparities},
	author={Martin, Alicia R and Kanai, Masahiro and Kamatani, Yoichiro and Okada, Yukinori and Neale, Benjamin M and Daly, Mark J},
	journal={Nature genetics},
	volume={51},
	number={4},
	pages={584--591},
	year={2019},
	publisher={Nature Publishing Group}
}

@article{duncan2019analysis,
	title={Analysis of polygenic risk score usage and performance in diverse human populations},
	author={Duncan, L and Shen, H and Gelaye, B and Meijsen, J and Ressler, K and Feldman, M and Peterson, R and Domingue, B},
	journal={Nature communications},
	volume={10},
	number={1},
	pages={1--9},
	year={2019},
	publisher={Nature Publishing Group}
}

@article{scutari2016using,
	title={Using genetic distance to infer the accuracy of genomic prediction},
	author={Scutari, Marco and Mackay, Ian and Balding, David},
	journal={PLoS genetics},
	volume={12},
	number={9},
	pages={e1006288},
	year={2016},
	publisher={Public Library of Science San Francisco, CA USA}
}

@techreport{hujoel2020liability,
	title={Liability threshold modeling of case--control status and family history of disease increases association power},
	author={Hujoel, Margaux LA and Gazal, Steven and Loh, Po-Ru and Patterson, Nick and Price, Alkes L},
	year={2020},
	institution={Nature Publishing Group}
}

@article{zou2006adaptive,
	title={The adaptive lasso and its oracle properties},
	author={Zou, Hui},
	journal={Journal of the American statistical association},
	volume={101},
	number={476},
	pages={1418--1429},
	year={2006},
	publisher={Taylor \& Francis}
}

@article{bengtsson2020unifying,
	title={A Unifying Framework for Parallel and Distributed Processing in {R} using Futures},
	author={Bengtsson, Henrik},
	journal={arXiv preprint arXiv:2008.00553},
	year={2020}
}

@article{wickham2019welcome,
	title={Welcome to the Tidyverse},
	author={Wickham, Hadley and Averick, Mara and Bryan, Jennifer and Chang, Winston and McGowan, Lucy D'Agostino and Fran{\c{c}}ois, Romain and Grolemund, Garrett and Hayes, Alex and Henry, Lionel and Hester, Jim and others},
	journal={Journal of Open Source Software},
	volume={4},
	number={43},
	pages={1686},
	year={2019}
}

@article{prive2020ldpred2,
	title={{LDpred2}: better, faster, stronger},
	author={Priv{\'e}, Florian and Arbel, Julyan and Vilhj{\'a}lmsson, Bjarni J},
	journal={BioRxiv},
	year={2020},
	publisher={Cold Spring Harbor Laboratory}
}

@article{kunert2020allele,
	title={Allele frequency mismatches and apparent mismappings in uk biobank snp data},
	author={Kunert-Graf, James M and Sakhanenko, Nikita M and Galas, David J},
	journal={bioRxiv},
	year={2020},
	publisher={Cold Spring Harbor Laboratory}
}

@article{abraham2014accurate,
	title={Accurate and robust genomic prediction of celiac disease using statistical learning},
	author={Abraham, Gad and Tye-Din, Jason A and Bhalala, Oneil G and Kowalczyk, Adam and Zobel, Justin and Inouye, Michael},
	journal={PLoS genetics},
	volume={10},
	number={2},
	pages={e1004137},
	year={2014},
	publisher={Public Library of Science}
}

@article{choi2020tutorial,
	title={Tutorial: a guide to performing polygenic risk score analyses},
	author={Choi, Shing Wan and Mak, Timothy Shin-Heng and O'Reilly, Paul F},
	journal={Nature Protocols},
	pages={1--14},
	year={2020},
	publisher={Nature Publishing Group}
}

@article{prive2019efficient,
	title={Efficient implementation of penalized regression for genetic risk prediction},
	author={Priv{\'e}, Florian and Aschard, Hugues and Blum, Michael G B},
	journal={Genetics},
	volume={212},
	number={1},
	pages={65--74},
	year={2019},
	publisher={Genetics Soc America}
}

@article{bybjerg2020ipsych2015,
	title={The iPSYCH2015 Case-Cohort sample: updated directions for unravelling genetic and environmental architectures of severe mental disorders},
	author={Bybjerg-Grauholm, Jonas and Pedersen, Carsten Boecker and Baekvad-Hansen, Marie and Pedersen, Marianne Gioertz and Adamsen, Dea and Hansen, Christine Soeholm and Agerbo, Esben and Grove, Jakob and Als, Thomas Damm and Schork, Andrew Joseph and others},
	journal={medRxiv},
	year={2020},
	publisher={Cold Spring Harbor Laboratory Press}
}

@article{prive2017efficient,
	author = {Priv{\'e}, Florian and Aschard, Hugues and Ziyatdinov, Andrey and Blum, Michael G B},
	title = {Efficient analysis of large-scale genome-wide data with two {R} packages: bigstatsr and bigsnpr},
	journal = {Bioinformatics},
	volume = {34},
	number = {16},
	pages = {2781-2787},
	year = {2018},
	doi = {10.1093/bioinformatics/bty185},
	URL = {http://dx.doi.org/10.1093/bioinformatics/bty185},
	eprint = {/oup/backfile/content_public/journal/bioinformatics/34/16/10.1093_bioinformatics_bty185/1/bty185.pdf}
}

@article{zhou2018efficiently,
	title={Efficiently controlling for case-control imbalance and sample relatedness in large-scale genetic association studies},
	author={Zhou, Wei and Nielsen, Jonas B and Fritsche, Lars G and Dey, Rounak and Gabrielsen, Maiken E and Wolford, Brooke N and LeFaive, Jonathon and VandeHaar, Peter and Gagliano, Sarah A and Gifford, Aliya and others},
	journal={Nature genetics},
	volume={50},
	number={9},
	pages={1335--1341},
	year={2018},
	publisher={Nature Publishing Group}
}

@article{taliun2020exploring,
	title={Exploring and visualizing large-scale genetic associations by using PheWeb},
	author={Taliun, Sarah A Gagliano and VandeHaar, Peter and Boughton, Andrew P and Welch, Ryan P and Taliun, Daniel and Schmidt, Ellen M and Zhou, Wei and Nielsen, Jonas B and Willer, Cristen J and Lee, Seunggeun and others},
	journal={Nature Genetics},
	volume={52},
	number={6},
	pages={550--552},
	year={2020},
	publisher={Nature Publishing Group}
}

@article{wu2019mapping,
	title={Mapping ICD-10 and ICD-10-CM codes to phecodes: workflow development and initial evaluation},
	author={Wu, Patrick and Gifford, Aliya and Meng, Xiangrui and Li, Xue and Campbell, Harry and Varley, Tim and Zhao, Juan and Carroll, Robert and Bastarache, Lisa and Denny, Joshua C and others},
	journal={JMIR Medical Informatics},
	volume={7},
	number={4},
	pages={e14325},
	year={2019},
	publisher={JMIR Publications Inc., Toronto, Canada}
}

@article{carroll2014r,
	title={{R PheWAS}: data analysis and plotting tools for phenome-wide association studies in the {R} environment},
	author={Carroll, Robert J and Bastarache, Lisa and Denny, Joshua C},
	journal={Bioinformatics},
	volume={30},
	number={16},
	pages={2375--2376},
	year={2014},
	publisher={Oxford University Press}
}

@article{bycroft2018uk,
	title={The {UK Biobank} resource with deep phenotyping and genomic data},
	author={Bycroft, Clare and Freeman, Colin and Petkova, Desislava and Band, Gavin and Elliott, Lloyd T and Sharp, Kevin and Motyer, Allan and Vukcevic, Damjan and Delaneau, Olivier and O'Connell, Jared and others},
	journal={Nature},
	volume={562},
	number={7726},
	pages={203--209},
	year={2018},
	publisher={Nature Publishing Group}
}







@article{harden2020using,
	title={Using genetics for social science},
	author={Harden, K Paige and Koellinger, Philipp D},
	journal={Nature Human Behaviour},
	pages={1--10},
	year={2020},
	publisher={Nature Publishing Group}
}

@article{chun2020non,
	title={Non-parametric Polygenic Risk Prediction via Partitioned GWAS Summary Statistics},
	author={Chun, Sung and Imakaev, Maxim and Hui, Daniel and Patsopoulos, Nikolaos A and Neale, Benjamin M and Kathiresan, Sekar and Stitziel, Nathan O and Sunyaev, Shamil R},
	journal={The American Journal of Human Genetics},
	year={2020},
	publisher={Elsevier}
}

@article{musliner2015polygenic,
	title={Polygenic risk, stressful life events and depressive symptoms in older adults: a polygenic score analysis},
	author={Musliner, Katherine L and Seifuddin, Fayaz and Judy, Jennifer A and Pirooznia, Mehdi and Goes, Fernando S and Zandi, Peter P},
	journal={Psychological medicine},
	volume={45},
	number={8},
	pages={1709--1720},
	year={2015},
	publisher={Cambridge University Press}
}

@article{prive2020efficient,
	title={Efficient toolkit implementing best practices for principal component analysis of population genetic data},
	author={Priv{\'e}, Florian and Luu, Keurcien and Blum, Michael GB and McGrath, John J and Vilhj{\'a}lmsson, Bjarni J},
	journal={Bioinformatics},
	volume={36},
	number={16},
	pages={4449--4457},
	year={2020},
	publisher={Oxford University Press}
}


@article{horsdal2019association,
	title={Association of Childhood Exposure to Nitrogen Dioxide and Polygenic Risk Score for Schizophrenia With the Risk of Developing Schizophrenia},
	author={Horsdal, Henriette Thisted and Agerbo, Esben and McGrath, John Joseph and Vilhj{\'a}lmsson, Bjarni J{\'o}hann and Antonsen, Sussie and Closter, Ane Marie and Timmermann, Allan and Grove, Jakob and Mok, Pearl LH and Webb, Roger T and others},
	journal={JAMA network open},
	volume={2},
	number={11},
	pages={e1914401--e1914401},
	year={2019},
	publisher={American Medical Association}
}

@article{linner2019genome,
	title={Genome-wide association analyses of risk tolerance and risky behaviors in over 1 million individuals identify hundreds of loci and shared genetic influences},
	author={Linn{\'e}r, Richard Karlsson and Biroli, Pietro and Kong, Edward and Meddens, S Fleur W and Wedow, Robbee and Fontana, Mark Alan and Lebreton, Ma{\"e}l and Tino, Stephen P and Abdellaoui, Abdel and Hammerschlag, Anke R and others},
	journal={Nature genetics},
	volume={51},
	number={2},
	pages={245--257},
	year={2019},
	publisher={Nature Publishing Group}
}

@article{shi2016contrasting,
	title={Contrasting the genetic architecture of 30 complex traits from summary association data},
	author={Shi, Huwenbo and Kichaev, Gleb and Pasaniuc, Bogdan},
	journal={The American Journal of Human Genetics},
	volume={99},
	number={1},
	pages={139--153},
	year={2016},
	publisher={Elsevier}
}

@article{choi2019prsice,
	title={PRSice-2: Polygenic Risk Score software for biobank-scale data},
	author={Choi, Shing Wan and O'Reilly, Paul F},
	journal={Gigascience},
	volume={8},
	number={7},
	pages={giz082},
	year={2019},
	publisher={Oxford University Press}
}

@article{ge2019polygenic,
	title={Polygenic prediction via {Bayesian} regression and continuous shrinkage priors},
	author={Ge, Tian and Chen, Chia-Yen and Ni, Yang and Feng, Yen-Chen Anne and Smoller, Jordan W},
	journal={Nature Communications},
	volume={10},
	number={1},
	pages={1776},
	year={2019},
	publisher={Nature Publishing Group}
}

@article{abraham2019genomic,
	title={Genomic risk score offers predictive performance comparable to clinical risk factors for ischaemic stroke},
	author={Abraham, Gad and Malik, Rainer and Yonova-Doing, Ekaterina and Salim, Agus and Wang, Tingting and Danesh, John and Butterworth, Adam S and Howson, Joanna MM and Inouye, Michael and Dichgans, Martin},
	journal={Nature Communications},
	volume={10},
	number={1},
	pages={1--10},
	year={2019},
	publisher={Nature Publishing Group}
}

@article{kong2018nature,
	title={The nature of nurture: Effects of parental genotypes},
	author={Kong, Augustine and Thorleifsson, Gudmar and Frigge, Michael L and Vilhjalmsson, Bjarni J and Young, Alexander I and Thorgeirsson, Thorgeir E and Benonisdottir, Stefania and Oddsson, Asmundur and Halldorsson, Bjarni V and Masson, Gisli and others},
	journal={Science},
	volume={359},
	number={6374},
	pages={424--428},
	year={2018},
	publisher={American Association for the Advancement of Science}
}

@article{purcell2009common,
	title={Common polygenic variation contributes to risk of schizophrenia and bipolar disorder},
	author={Purcell, Shaun M and Wray, Naomi R and Stone, Jennifer L and Visscher, Peter M and O'donovan, Michael C and Sullivan, Patrick F and Sklar, Pamela and Ruderfer, Douglas M and McQuillin, Andrew and Morris, Derek W and others},
	journal={Nature},
	volume={460},
	number={7256},
	pages={748--752},
	year={2009},
	publisher={Nature Publishing Group}
}

@article{mokhtari2016major,
	title={The major histocompatibility complex ({MHC}) in schizophrenia: a review},
	author={Mokhtari, Ryan and Lachman, Herbert M},
	journal={Journal of Clinical \& Cellular Immunology},
	volume={7},
	number={6},
	year={2016},
	publisher={NIH Public Access}
}

@article{matzaraki2017mhc,
	title={The {MHC} locus and genetic susceptibility to autoimmune and infectious diseases},
	author={Matzaraki, Vasiliki and Kumar, Vinod and Wijmenga, Cisca and Zhernakova, Alexandra},
	journal={Genome Biology},
	volume={18},
	number={1},
	pages={76},
	year={2017},
	publisher={BioMed Central}
}

@article{allegrini2019genomic,
	title={Genomic prediction of cognitive traits in childhood and adolescence},
	author={Allegrini, Andrea G and Selzam, Saskia and Rimfeld, Kaili and von Stumm, Sophie and Pingault, Jean-Baptiste and Plomin, Robert},
	journal={Molecular Psychiatry},
	volume={24},
	number={6},
	pages={819--827},
	year={2019},
	publisher={Nature Publishing Group}
}

@article{willoughby2019genetic,
	title={Genetic testing to guide risk-stratified screens for breast cancer},
	author={Willoughby, Ava and Andreassen, Paul R and Toland, Amanda Ewart},
	journal={Journal of Personalized Medicine},
	volume={9},
	number={1},
	pages={15},
	year={2019},
	publisher={Multidisciplinary Digital Publishing Institute}
}

@article{pashayan2015implications,
	title={Implications of polygenic risk-stratified screening for prostate cancer on overdiagnosis},
	author={Pashayan, Nora and Duffy, Stephen W and Neal, David E and Hamdy, Freddie C and Donovan, Jenny L and Martin, Richard M and Harrington, Patricia and Benlloch, Sara and Al Olama, Ali Amin and Shah, Mitul and others},
	journal={Genetics in Medicine},
	volume={17},
	number={10},
	pages={789--795},
	year={2015},
	publisher={Nature Publishing Group}
}

@article{falconer1965inheritance,
	title={The inheritance of liability to certain diseases, estimated from the incidence among relatives},
	author={Falconer, Douglas S},
	journal={Annals of Human Genetics},
	volume={29},
	number={1},
	pages={51--76},
	year={1965},
	publisher={Wiley Online Library}
}

@article{bolli2019software,
	title={Software as a Service for the Genomic Prediction of Complex Diseases},
	author={Bolli, Alessandro and Di Domenico, Paolo and Bott{\`a}, Giordano},
	journal={bioRxiv},
	pages={763722},
	year={2019},
	publisher={Cold Spring Harbor Laboratory}
}

@article{cecile2019polygenic,
	title={Polygenic risk scores that predict common diseases using millions of single nucleotide polymorphisms: is more, better?},
	author={Janssens, A Cecile J W and Joyner, Michael J},
	journal={Clinical Chemistry},
	volume={65},
	number={5},
	pages={609--611},
	year={2019},
	publisher={Oxford University Press}
}

@article{khera2018genome,
	title={Genome-wide polygenic scores for common diseases identify individuals with risk equivalent to monogenic mutations},
	author={Khera, Amit V and Chaffin, Mark and Aragam, Krishna G and Haas, Mary E and Roselli, Carolina and Choi, Seung Hoan and Natarajan, Pradeep and Lander, Eric S and Lubitz, Steven A and Ellinor, Patrick T and others},
	journal={Nature Genetics},
	volume={50},
	number={9},
	pages={1219--1224},
	year={2018},
	publisher={Nature Publishing Group}
}

@article{wray2018genome,
	title={Genome-wide association analyses identify 44 risk variants and refine the genetic architecture of major depression},
	author={Wray, Naomi R and Ripke, Stephan and Mattheisen, Manuel and Trzaskowski, Maciej and Byrne, Enda M and Abdellaoui, Abdel and Adams, Mark J and Agerbo, Esben and Air, Tracy M and Andlauer, Till MF and others},
	journal={Nature Genetics},
	volume={50},
	number={5},
	pages={668},
	year={2018},
	publisher={Nature Publishing Group}
}

@article{schumacher2018association,
	title={Association analyses of more than 140,000 men identify 63 new prostate cancer susceptibility loci},
	author={Schumacher, Fredrick R and Al Olama, Ali Amin and Berndt, Sonja I and Benlloch, Sara and Ahmed, Mahbubl and Saunders, Edward J and Dadaev, Tokhir and Leongamornlert, Daniel and Anokian, Ezequiel and Cieza-Borrella, Clara and others},
	journal={Nature Genetics},
	volume={50},
	number={7},
	pages={928},
	year={2018},
	publisher={Nature Publishing Group}
}

@article{demenais2018multiancestry,
	title={Multiancestry association study identifies new asthma risk loci that colocalize with immune-cell enhancer marks},
	author={Demenais, Florence and Margaritte-Jeannin, Patricia and Barnes, Kathleen C and Cookson, William OC and Altm{\"u}ller, Janine and Ang, Wei and Barr, R Graham and Beaty, Terri H and Becker, Allan B and Beilby, John and others},
	journal={Nature Genetics},
	volume={50},
	number={1},
	pages={42},
	year={2018},
	publisher={Nature Publishing Group}
}

@article{nikpay2015comprehensive,
	title={A comprehensive 1000 Genomes--based genome-wide association meta-analysis of coronary artery disease},
	author={Nikpay, Majid and Goel, Anuj and Won, Hong-Hee and Hall, Leanne M and Willenborg, Christina and Kanoni, Stavroula and Saleheen, Danish and Kyriakou, Theodosios and Nelson, Christopher P and Hopewell, Jemma C and others},
	journal={Nature Genetics},
	volume={47},
	number={10},
	pages={1121},
	year={2015},
	publisher={Nature Publishing Group}
}

@article{censin2017childhood,
	title={Childhood adiposity and risk of type 1 diabetes: A Mendelian randomization study},
	author={Censin, JC and Nowak, Christoph and Cooper, Nicholas and Bergsten, Peter and Todd, John A and Fall, Tove},
	journal={PLoS Medicine},
	volume={14},
	number={8},
	pages={e1002362},
	year={2017},
	publisher={Public Library of Science}
}

@article{scott2017expanded,
	title={An expanded genome-wide association study of type 2 diabetes in {Europeans}},
	author={Scott, Robert A and Scott, Laura J and M{\"a}gi, Reedik and Marullo, Letizia and Gaulton, Kyle J and Kaakinen, Marika and Pervjakova, Natalia and Pers, Tune H and Johnson, Andrew D and Eicher, John D and others},
	journal={Diabetes},
	volume={66},
	number={11},
	pages={2888--2902},
	year={2017},
	publisher={Am Diabetes Assoc}
}

@article{okada2014genetics,
	title={Genetics of rheumatoid arthritis contributes to biology and drug discovery},
	author={Okada, Yukinori and Wu, Di and Trynka, Gosia and Raj, Towfique and Terao, Chikashi and Ikari, Katsunori and Kochi, Yuta and Ohmura, Koichiro and Suzuki, Akari and Yoshida, Shinji and others},
	journal={Nature},
	volume={506},
	number={7488},
	pages={376},
	year={2014},
	publisher={Nature Publishing Group}
}

@article{michailidou2017association,
	title={Association analysis identifies 65 new breast cancer risk loci},
	author={Michailidou, Kyriaki and Lindstr{\"o}m, Sara and Dennis, Joe and Beesley, Jonathan and Hui, Shirley and Kar, Siddhartha and Lema{\c{c}}on, Audrey and Soucy, Penny and Glubb, Dylan and Rostamianfar, Asha and others},
	journal={Nature},
	volume={551},
	number={7678},
	pages={92},
	year={2017},
	publisher={Nature Publishing Group}
}

@article{mak2017polygenic,
	title={Polygenic scores via penalized regression on summary statistics},
	author={Mak, Timothy Shin Heng and Porsch, Robert Milan and Choi, Shing Wan and Zhou, Xueya and Sham, Pak Chung},
	journal={Genetic epidemiology},
	volume={41},
	number={6},
	pages={469--480},
	year={2017},
	publisher={Wiley Online Library}
}

@article{prive2019making,
	title={Making the most of Clumping and Thresholding for polygenic scores},
	author={Priv{\'e}, Florian and Vilhj{\'a}lmsson, Bjarni J and Aschard, Hugues and Blum, Michael G. B.},
	journal={The American Journal of Human Genetics},
	volume={105},
	number={6},
	pages={1213--1221},
	year={2019},
	publisher={Elsevier}
}

@article{price2008long,
	title={Long-range {LD} can confound genome scans in admixed populations},
	author={Price, Alkes L and Weale, Michael E and Patterson, Nick and Myers, Simon R and Need, Anna C and Shianna, Kevin V and Ge, Dongliang and Rotter, Jerome I and Torres, Esther and Taylor, Kent D and others},
	journal={The American Journal of Human Genetics},
	volume={83},
	number={1},
	pages={132--135},
	year={2008},
	publisher={Elsevier}
}

@article{vilhjalmsson2015modeling,
	title={Modeling linkage disequilibrium increases accuracy of polygenic risk scores},
	author={Vilhj{\'a}lmsson, Bjarni J and Yang, Jian and Finucane, Hilary K and Gusev, Alexander and Lindstr{\"o}m, Sara and Ripke, Stephan and Genovese, Giulio and Loh, Po-Ru and Bhatia, Gaurav and Do, Ron and others},
	journal={The American Journal of Human Genetics},
	volume={97},
	number={4},
	pages={576--592},
	year={2015},
	publisher={Elsevier}
}

@article{lloyd2019improved,
	title={Improved polygenic prediction by {Bayesian} multiple regression on summary statistics},
	author={Lloyd-Jones, Luke R and Zeng, Jian and Sidorenko, Julia and Yengo, Lo{\"\i}c and Moser, Gerhard and Kemper, Kathryn E and Wang, Huanwei and Zheng, Zhili and Magi, Reedik and Esko, Tonu and others},
	journal={Nature Communications},
	volume={10},
	number={1},
	pages={1--11},
	year={2019},
	publisher={Nature Publishing Group}
}

@article{bulik2015ld,
	title={{LD} Score regression distinguishes confounding from polygenicity in genome-wide association studies},
	author={Bulik-Sullivan, Brendan K and Loh, Po-Ru and Finucane, Hilary K and Ripke, Stephan and Yang, Jian and Patterson, Nick and Daly, Mark J and Price, Alkes L and Neale, Benjamin M and Schizophrenia Working Group of the Psychiatric Genomics Consortium and others},
	journal={Nature Genetics},
	volume={47},
	number={3},
	pages={291},
	year={2015},
	publisher={Nature Publishing Group}
}

@article{marquez2018modeling,
	title={LDpred-funct: incorporating functional priors improves polygenic prediction accuracy in UK Biobank and 23andMe data sets},
	author={Marquez-Luna, Carla and Gazal, Steven and Loh, Po-Ru and Kim, Samuel S and Furlotte, Nicholas and Auton, Adam and Price, Alkes L and 23andMe Research Team and others},
	journal={bioRxiv},
	pages={375337},
	year={2020},
	publisher={Cold Spring Harbor Laboratory}
}

@article{barth2020genetic,
	title={Genetic endowments and wealth inequality},
	author={Barth, Daniel and Papageorge, Nicholas W and Thom, Kevin},
	journal={Journal of Political Economy},
	volume={128},
	number={4},
	pages={1474--1522},
	year={2020},
	publisher={The University of Chicago Press Chicago, IL}
}
